<?xml version="1.0" encoding="UTF-8"?><collection xmlns="http://www.loc.gov/MARC21/slim"><record><leader>00657nam--2200193-i-4500</leader><controlfield tag="001">000012383</controlfield><controlfield tag="002">20161230</controlfield><controlfield tag="005">20170121221703</controlfield><controlfield tag="008">060222s1000------------r-----000-0-eng-d</controlfield><datafield ind1=" " ind2=" " tag="040"><subfield code="a">IFIN-HH</subfield></datafield><datafield ind1=" " ind2=" " tag="080"><subfield code="a">520.84:520.87.7</subfield></datafield><datafield ind1="1" ind2=" " tag="100"><subfield code="a">Haroche, S</subfield></datafield><datafield ind1="1" ind2="0" tag="245"><subfield code="a">Ecture notes in physics. Vol. 43. Laser spectroscopy. Proceedings of the Second International Conference, Megeve, June 23-27, 1975</subfield><subfield code="c">S. Haroche, J.C. Pebay-Peyroula, T.W. Hansch, S.E. Harris (eds.)</subfield></datafield><datafield ind1=" " ind2=" " tag="260"><subfield code="a">Berlin</subfield><subfield code="b">Springer-Verlag</subfield><subfield code="c">1975</subfield></datafield><datafield ind1=" " ind2=" " tag="300"><subfield code="a">X+468 p</subfield></datafield><datafield ind1=" " ind2=" " tag="490"><subfield code="a">Lecture Notes In Physics, 43</subfield></datafield><datafield ind1="1" ind2=" " tag="700"><subfield code="a">Harris, S. E</subfield><subfield code="e">Ed</subfield></datafield><datafield ind1=" " ind2=" " tag="852"><subfield code="a">33191</subfield><subfield code="c">53</subfield></datafield><datafield ind1=" " ind2=" " tag="CAT"><subfield code="a">SYS</subfield><subfield code="c">20170121</subfield><subfield code="h">221703</subfield></datafield></record></collection>